@book{campbell2014history,
  title={A History of the Information Machine},
  author={Martin Campbell-Kelly, William Aspray, Nathan Ensmenger and Jeffrey R.Yost},
  year={2014},
  publisher={Westview Press}
}