@article{creeped2013,
       author={Ann Friedman},
       title={Overwhelmed and Creeped Out},
       journal={The New Yorker},
       year = 2013,
       month = february,
       url = {http://www.newyorker.com/online/blogs/culture/2013/02/dating-app-for-women-that-isnt-awful.html}
}